%% This BibTeX bibliography file was created using BibDesk.
%% http://bibdesk.sourceforge.net/


%% Created for Seth Johnson at 2010-01-15 15:01:56 -0500 


%% Saved with string encoding Unicode (UTF-8) 

@article{larvas11,
	Author = {Larsen, Edward W. and Vasques, Richard},
	Journal = {Journal of Quantitative Spectroscopy and Radiative Transfer},
	Pages = {619--631},
	Title = {A Generalized Linear Boltzmann Equation for Non-Classical Particle Transport},
	Volume = {112},
	Year = {2011}}

@article{mcl11,
	Author = {McClarren, R. G.},
	Journal = {Transport Theory and Statistical Physics},
	Pages = {73--109},
	Title = {Theoretical aspects of the simplified P$_n$ equations},
	Volume = {39},
	Year = {2011}}	
	
@article{fra07,
	Author = {Frank, M. and Klar, A. and Larsen, E. W. and Yasuda, S.},
	Journal = {Journal of Computational Physics},
	Pages = {2289--2305},
	Title = {Time-dependent simplified P$_N$ approximation to the equations of radiative transfer},
	Volume = {226},
	Year = {2007}}


@article{zuc94,
	Author = {Zuchuat, O. and Sanchez, R. and Zmijarevic, I. and Malvagi, F.},
	Journal = {Journal of Quantitative Spectroscopy and Radiative Transfer},
	Pages = {689--722},
	Title = {Transport in Renewal Statistical Media: Benchmarking and Comparison with Models},
	Volume = {51},
	Year = {1994}}
	
@article{vas16,
	Author = {Vasques, R. and Krycki, K. and Slaybaugh, R. N.},
	Journal = {Nuclear Science and Engineering},
	Pages = {arXiv:1602.00825 [nucl-th]},
	Title = {Nonclassical Particle Transport in 1-D Random Periodic Media},
	Volume = {to appear},
	Year = {2016}}			

	