%% This BibTeX bibliography file was created using BibDesk.
%% http://bibdesk.sourceforge.net/


%% Created for Seth Johnson at 2010-01-15 15:01:56 -0500 


%% Saved with string encoding Unicode (UTF-8) 

@article{larvas11,
	Author = {Larsen, Edward W. and Vasques, Richard},
	Journal = {Journal of Quantitative Spectroscopy and Radiative Transfer},
	Pages = {619--631},
	Title = {A Generalized Linear Boltzmann Equation for Non-Classical Particle Transport},
	Volume = {112},
	Year = {2011}}

@article{fra07,
	Author = {Frank, M. and Klar, A. and Larsen, E. W. and Yasuda, S.},
	Journal = {Journal of Computational Physics},
	Pages = {2289--2305},
	Title = {Time-dependent simplified P$_N$ approximation to the equations of radiative transfer},
	Volume = {226},
	Year = {2007}}
	
@article{mcl11,
	Author = {McClarren, R. G.},
	Journal = {Transport Theory and Statistical Physics},
	Pages = {73--109},
	Title = {Theoretical aspects of the simplified P$_n$ equations},
	Volume = {39},
	Year = {2011}}	

@article{zuc94,
	Author = {Zuchuat, O. and Sanchez, R. and Zmijarevic, I. and Malvagi, F.},
	Journal = {Journal of Quantitative Spectroscopy and Radiative Transfer},
	Pages = {689--722},
	Title = {Transport in Renewal Statistical Media: Benchmarking and Comparison with Models},
	Volume = {51},
	Year = {1994}}
	
@article{vas16,
	Author = {Vasques, R. and Krycki, K. and Slaybaugh, R. N.},
	Journal = {Nuclear Science and Engineering},
	Pages = {arXiv:1602.00825 [nucl-th]},
	Title = {Nonclassical Particle Transport in 1-D Random Periodic Media},
	Volume = {To appear},
	Year = {2016}}			

	

@article{vas14a,
	Author = {Vasques, Richard and Larsen, Edward W.},
	Journal = {Annals of Nuclear Energy},
	Date-Added = {2010-01-15 15:01:35 -0500},
	Date-Modified = {2010-01-15 15:01:35 -0500},
	Keywords = {nc},
	Pages = {292--300},
	Title = {Non-classical particle transport with angular-dependent path-length distributions. I: Theory},
	Volume = {70},
	Year = {2014}}

@article{vas14b,
	Author = {Vasques, Richard and Larsen, Edward W.},
	Journal = {Annals of Nuclear Energy},
	Date-Added = {2010-01-15 15:01:35 -0500},
	Date-Modified = {2010-01-15 15:01:35 -0500},
	Keywords = {nc},
	Pages = {301--311},
	Title = {Non-classical particle transport with angular-dependent path-length distributions. II: Application to pebble bed reactor cores},
	Volume = {70},
	Year = {2014}}

@article{vas15,
	Author = {Vasques, Richard and Krycki, Kai},
	Journal = {Proc. Joint International Conference on Mathematics and Computation, Supercomputing in Nuclear Applications and the Monte Carlo Method; Nashville, TN, April 19-23},
	Date-Added = {2010-01-15 15:01:35 -0500},
	Date-Modified = {2010-01-15 15:01:35 -0500},
	Keywords = {nc},
	Title = {On the accuracy of the non-classical transport equation in 1-D random periodic media},
	Year = {2015}}

@article{kry13,
	Author = {Krycki, Kai and Berthon, Christophe and Frank, Martin and Turpault, Rodolphe},
	Journal = {Mathematical Methods in the Applied Sciences},
	Date-Added = {2010-01-15 15:01:35 -0500},
	Date-Modified = {2010-01-15 15:01:35 -0500},
	Keywords = {nc},
	Number = {16},
	Pages = {2101--2116},
	Title = {Asymptotic preserving numerical schemes for a non-classical radiation transport model for atmospheric clouds},
   Volume = {36},
	Year = {2013}}


@article{vasLar2008,
	Author = {Larsen, Edward W. and Wollaber, Allan B.},
	Date-Added = {2010-01-15 15:01:35 -0500},
	Date-Modified = {2010-01-15 15:01:35 -0500},
	Journal = {Nuclear Science and Engineering},
	Keywords = {SN},
	Number = {3},
	Pages = {267--283},
	Title = {A Quantitative Theory of Angular Truncation Errors in Three-Dimensional {$S_N$} Calculations},
	Volume = {160},
	Year = {2008}}

@techreport{Car1953,
	Author = {Carlson, Bengt G.},
	Date-Added = {2010-01-15 14:53:00 -0500},
	Date-Modified = {2010-01-15 14:53:00 -0500},
	Institution = {Los Alamos Scientific Laboratory},
	Number = {LA-1599},
	Title = {Solution of the Transport Equation by {S$_n$} Approximations},
	Year = {1953}}

@book{Kno2000,
	Author = {Knoll, Glenn F.},
	Date-Added = {2010-01-15 14:52:06 -0500},
	Date-Modified = {2010-01-15 14:52:06 -0500},
	Edition = {3rd},
	Publisher = {John Wiley \& Sons, Inc.},
	Title = {Radiation Detection and Measurement},
	Year = {2000}}

@article{Pul2010,
	Author = {Pullum, Geoffrey K.},
	Journal = {English Today},
	Number = {2},
	Pages = {34--44},
	Title = {The Land of the Free and \emph{The Elements of Style}},
	Volume = {26},
	Year = {2010}}

@book{Str2000,
	Author = {Strunk, W. and White, E.B.},
	Edition = {4},
	Publisher = {New York: Allyn and Bacon},
	Title = {The Elements of Style},
	Year = {2000}}
	
